@STRING{MSc	= "{MSc} {T}hesis"}
STRING{MSc	= "Master of {S}cience {T}hesis"}

@STRING{AI 	= "Artificial {I}ntelligence"}
@STRING{CL	= "Computational {L}inguistics"}
@STRING{Computer= "{IEEE} {C}omputer"}
@STRING{CSL	= "Computer {S}peech and {L}anguage"}
@STRING{JAIR	= "Journal of {A}rtificial {I}ntelligence {R}esearch"}
@STRING{ML	= "Machine {L}earning"}
@STRING{ToAC	= "{IEEE} {T}ransactions on {A}ffective {C}omputing"}

@inproceedings{Prokopidis;Piperidis:20,
author = {Prokopidis, Prokopis and Piperidis, Stelios},
title = {A Neural NLP toolkit for Greek},
year = {2020},
isbn = {9781450388788},
publisher = {Association for Computing Machinery},
address = {New York, NY, USA},
url = {https://doi.org/10.1145/3411408.3411430},
doi = {10.1145/3411408.3411430},
booktitle = {11th Hellenic Conference on Artificial Intelligence},
pages = {125–128},
numpages = {4},
keywords = {Greek language, NLP, neural networks},
location = {Athens, Greece},
series = {SETN 2020}
}

@inproceedings{Stanza:20,
 author = {Qi, Peng and Zhang, Yuhao and Zhang, Yuhui and Bolton, Jason and Manning, Christopher D.},
 booktitle = {Proceedings of the 58th Annual Meeting of the Association for Computational Linguistics: System Demonstrations},
 title = {Stanza: A {Python} Natural Language Processing Toolkit for Many Human Languages},
 url = {https://nlp.stanford.edu/pubs/qi2020stanza.pdf},
 year = {2020}
}


@inproceedings{Terragni;Fersini;Galuzzi;Tropeano;Candelieri;21,
    title={{OCTIS}: Comparing and Optimizing Topic Models is Simple!},
    author={Terragni, Silvia and Fersini, Elisabetta and Galuzzi, Bruno Giovanni and Tropeano, Pietro and Candelieri, Antonio},
    year={2021},
    booktitle={Proceedings of the 16th Conference of the European Chapter of the Association for Computational Linguistics: System Demonstrations},
    month = apr,
    year = "2021",
    publisher = "Association for Computational Linguistics",
    url = "https://www.aclweb.org/anthology/2021.eacl-demos.31",
    pages = "263--270",
}

@Article{Harris:54,
author = {Zellig S. Harris},
title = {Distributional Structure},
journal = {WORD},
volume = {10},
number = {2-3},
pages = {146--162},
year = {1954},
publisher = {Routledge},
doi = {10.1080/00437956.1954.11659520},
URL = { 
        https://doi.org/10.1080/00437956.1954.11659520
},
eprint = { 
        https://doi.org/10.1080/00437956.1954.11659520
    }
}

@Article{Landauer;Thomas;Foltz;Peter;Laham;Darrell:98,
author = {Landauer, Thomas and Foltz, Peter and Laham, Darrell},
year = {1998},
month = {01},
pages = {259-284},
title = {An Introduction to Latent Semantic Analysis},
volume = {25},
journal = {Discourse Processes},
doi = {10.1080/01638539809545028}
}

@inproceedings{Aletras;Stevenson:13,
  title={Evaluating Topic Coherence Using Distributional Semantics},
  author={Nikolaos Aletras and Mark Stevenson},
  booktitle={International Conference on Computational Semantics},
  year={2013},
  url={https://api.semanticscholar.org/CorpusID:15651747}
}

@inproceedings{Newman;Lau;Grieser;Baldwin:10,
author = {Newman, David and Lau, Jey Han and Grieser, Karl and Baldwin, Timothy},
title = {Automatic evaluation of topic coherence},
year = {2010},
isbn = {1932432655},
publisher = {Association for Computational Linguistics},
address = {USA},
booktitle = {Human Language Technologies: The 2010 Annual Conference of the North American Chapter of the Association for Computational Linguistics},
pages = {100–108},
numpages = {9},
location = {Los Angeles, California},
series = {HLT '10}
}


@inproceedings{Rigatos;Giannakopoulos:24,
    author = "Rigatos, Dionysios and Giannakopoulos, Nikolaos",
    title = "A Depth-First Approach in Topic Modeling with Hellenistic Corpora for Prime Ministerial Speeches - GitHub Repository",
    year = "2024",
    url = "https://github.com/DionGR/greek-pm-topic-modeling"
}

@misc{Srivastava;Sutton:17,
      title={Autoencoding Variational Inference For Topic Models}, 
      author={Akash Srivastava and Charles Sutton},
      year={2017},
      eprint={1703.01488},
      archivePrefix={arXiv},
      primaryClass={stat.ML}
}

@article{Teh;Jordan;Beal;Blei:06,
author = {Teh, Yee and Jordan, Michael and Beal, Matthew and Blei, David},
year = {2006},
month = {12},
pages = {1-30},
title = {Hierarchical Dirichlet Processes},
journal = {Machine Learning},
doi = {10.1198/016214506000000302}
}

@inproceedings{Roder;Both;Hinneburg:15,
author = {R\"{o}der, Michael and Both, Andreas and Hinneburg, Alexander},
title = {Exploring the Space of Topic Coherence Measures},
year = {2015},
isbn = {9781450333177},
publisher = {Association for Computing Machinery},
address = {New York, NY, USA},
url = {https://doi.org/10.1145/2684822.2685324},
doi = {10.1145/2684822.2685324},
booktitle = {Proceedings of the Eighth ACM International Conference on Web Search and Data Mining},
pages = {399–408},
numpages = {10},
keywords = {topic coherence, topic evaluation, topic model},
location = {Shanghai, China},
series = {WSDM '15}
}

@InProceedings{Mimno;Wallach;Talley;Leenders;McCallum:11,
    title = "Optimizing Semantic Coherence in Topic Models",
    author = "Mimno, David  and
      Wallach, Hanna  and
      Talley, Edmund  and
      Leenders, Miriam  and
      McCallum, Andrew",
    editor = "Barzilay, Regina  and
      Johnson, Mark",
    booktitle = "Proceedings of the 2011 Conference on Empirical Methods in Natural Language Processing",
    month = jul,
    year = "2011",
    address = "Edinburgh, Scotland, UK.",
    publisher = "Association for Computational Linguistics",
    url = "https://aclanthology.org/D11-1024",
    pages = "262--272",
}

@Article{Blei;Ng;Jordan:03,
author = {Blei, David M. and Ng, Andrew Y. and Jordan, Michael I.},
title = {Latent Dirichlet Allocation},
year = {2003},
issue_date = {3/1/2003},
publisher = {JMLR.org},
volume = {3},
number = {null},
issn = {1532-4435},
journal = {J. Mach. Learn. Res.},
month = {mar},
pages = {993–1022},
numpages = {30}
}

@article{Jaccard:40,
author = {Jaccard, Paul},
year = {1940},
month = {01},
pages = {117-36},
title = {Coefficient générique réel et coefficient générique probable},
volume = {61},
journal = {Bulletin de la Société Vaudoise des Sciences Naturelles},
doi = {10.5169/seals-272981}
}

@MastersThesis{Panagiotis;22,
  key = 	{Panagiotis 2022},
  author = 	{Kosmas Panagiotis},
  year = 	2022,
  month = 	Nov,
  title = 	{Topic Modeling Techniques in Corpora and News Speeches},
  type = 	MSc,
  school = 	{Aristotle University of Thessaloniki},
  address = 	{Thessaloniki, Greece},
  url =	{https://ikee.lib.auth.gr/record/342983/files/Kosmas%20Panagiotis.pdf},
}

@article{Webber;Moffat;Zobel:10,
author = {Webber, William and Moffat, Alistair and Zobel, Justin},
title = {A similarity measure for indefinite rankings},
year = {2010},
issue_date = {November 2010},
publisher = {Association for Computing Machinery},
address = {New York, NY, USA},
volume = {28},
number = {4},
issn = {1046-8188},
url = {https://doi.org/10.1145/1852102.1852106},
doi = {10.1145/1852102.1852106},
journal = {ACM Trans. Inf. Syst.},
month = {nov},
articleno = {20},
numpages = {38},
keywords = {ranking, probabilistic models, Rank correlation}
}

@inproceedings{10.5555/3001460.3001507,
author = {Ester, Martin and Kriegel, Hans-Peter and Sander, J\"{o}rg and Xu, Xiaowei},
title = {A density-based algorithm for discovering clusters in large spatial databases with noise},
year = {1996},
publisher = {AAAI Press},
pages = {226–231},
numpages = {6},
keywords = {arbitrary shape of clusters, clustering algorithms, efficiency on large spatial databases, handling nlj4-275oise},
location = {Portland, Oregon},
series = {KDD'96}
}

@misc{grootendorst2022bertopic,
      title={BERTopic: Neural topic modeling with a class-based TF-IDF procedure}, 
      author={Maarten Grootendorst},
      year={2022},
      eprint={2203.05794},
      archivePrefix={arXiv},
      primaryClass={cs.CL},
    url={https://arxiv.org/pdf/2203.05794.pdf}
}

@article{johnsonDetailedReviewWord2024,
  title = {A Detailed Review on Word Embedding Techniques with Emphasis on Word2vec},
  author = {Johnson, S. Joshua and Murty, M. Ramakrishna and Navakanth, I.},
  date = {2024-04-01},
  journaltitle = {Multimedia Tools and Applications},
  shortjournal = {Multimed Tools Appl},
  volume = {83},
  number = {13},
  pages = {37979--38007},
  issn = {1573-7721},
  doi = {10.1007/s11042-023-17007-z},
  url = {https://doi.org/10.1007/s11042-023-17007-z},
  urldate = {2024-04-16},
  langid = {english},
  keywords = {Neural Networks,NLP,Word Embeddings,word2vec}
}

@online{mcinnesUMAPUniformManifold2020,
  title = {{{UMAP}}: {{Uniform Manifold Approximation}} and {{Projection}} for {{Dimension Reduction}}},
  shorttitle = {{{UMAP}}},
  author = {McInnes, Leland and Healy, John and Melville, James},
  date = {2020-09-17},
  eprint = {1802.03426},
  eprinttype = {arxiv},
  eprintclass = {cs, stat},
  url = {http://arxiv.org/abs/1802.03426},
  urldate = {2024-04-16},
  pubstate = {preprint},
  keywords = {Computer Science - Computational Geometry,Computer Science - Machine Learning,Statistics - Machine Learning}
}

@misc{mikolov2013efficient,
      title={Efficient Estimation of Word Representations in Vector Space}, 
      author={Tomas Mikolov and Kai Chen and Greg Corrado and Jeffrey Dean},
      year={2013},
      eprint={1301.3781},
      archivePrefix={arXiv},
      primaryClass={cs.CL}
}

@misc{reimers2019sentencebert,
      title={Sentence-BERT: Sentence Embeddings using Siamese BERT-Networks}, 
      author={Nils Reimers and Iryna Gurevych},
      year={2019},
      eprint={1908.10084},
      archivePrefix={arXiv},
      primaryClass={cs.CL}
}

@inproceedings{siaTiredTopicModels2020,
  title = {Tired of {{Topic Models}}? {{Clusters}} of {{Pretrained Word Embeddings Make}} for {{Fast}} and {{Good Topics}} Too!},
  shorttitle = {Tired of {{Topic Models}}?},
  booktitle = {Proceedings of the 2020 {{Conference}} on {{Empirical Methods}} in {{Natural Language Processing}} ({{EMNLP}})},
  author = {Sia, Suzanna and Dalmia, Ayush and Mielke, Sabrina J.},
  editor = {Webber, Bonnie and Cohn, Trevor and He, Yulan and Liu, Yang},
  date = {2020-11},
  pages = {1728--1736},
  publisher = {Association for Computational Linguistics},
  location = {Online},
  doi = {10.18653/v1/2020.emnlp-main.135},
  url = {https://aclanthology.org/2020.emnlp-main.135},
  urldate = {2024-04-16},
  eventtitle = {{{EMNLP}} 2020}
}

@InProceedings{10.1007/3-540-49257-7_15,
author="Beyer, Kevin
and Goldstein, Jonathan
and Ramakrishnan, Raghu
and Shaft, Uri",
editor="Beeri, Catriel
and Buneman, Peter",
title="When Is ``Nearest Neighbor'' Meaningful?",
booktitle="Database Theory --- ICDT'99",
year="1999",
publisher="Springer Berlin Heidelberg",
address="Berlin, Heidelberg",
pages="217--235",
}

@incollection{steinbachChallengesClusteringHigh2004,
  title = {The {{Challenges}} of {{Clustering High Dimensional Data}}},
  booktitle = {New {{Directions}} in {{Statistical Physics}}},
  author = {Steinbach, Michael and Ertöz, Levent and Kumar, Vipin},
  editor = {Wille, Luc T.},
  date = {2004},
  pages = {273--309},
  publisher = {Springer Berlin Heidelberg},
  location = {Berlin, Heidelberg},
  doi = {10.1007/978-3-662-08968-2_16},
  url = {http://link.springer.com/10.1007/978-3-662-08968-2_16},
  urldate = {2024-04-16},
}

@book{Bellman:57,
  added-at = {2011-08-17T16:08:47.000+0200},
  author = {Bellman, Richard},
  biburl = {https://www.bibsonomy.org/bibtex/29cdd821222218ded252c8ba5cd712666/pcbouman},
  interhash = {acf948462171ca060064a7ded257a792},
  intrahash = {9cdd821222218ded252c8ba5cd712666},
  isbn = {9780486428093},
  keywords = {book dynamic programming},
  publisher = {Dover Publications},
  timestamp = {2011-08-18T09:10:27.000+0200},
  title = {{Dynamic Programming}},
  year = 1957
}

@article{sklearn:11,
  title={Scikit-learn: Machine Learning in {P}ython},
  author={Pedregosa, F. and Varoquaux, G. and Gramfort, A. and Michel, V.
          and Thirion, B. and Grisel, O. and Blondel, M. and Prettenhofer, P.
          and Weiss, R. and Dubourg, V. and Vanderplas, J. and Passos, A. and
          Cournapeau, D. and Brucher, M. and Perrot, M. and Duchesnay, E.},
  journal={Journal of Machine Learning Research},
  volume={12},
  pages={2825--2830},
  year={2011}
}

@inproceedings{Reimers;Gurevych:19,
    title = "Sentence-BERT: Sentence Embeddings using Siamese BERT-Networks",
    author = "Reimers, Nils and Gurevych, Iryna",
    booktitle = "Proceedings of the 2019 Conference on Empirical Methods in Natural Language Processing",
    month = "11",
    year = "2019",
    publisher = "Association for Computational Linguistics",
    url = "http://arxiv.org/abs/1908.10084",
}

@inproceedings{Papadopoulos;TUC;SSE:19,
    title = "Semantic Textual Similarity for the Greek language using Transformers and Transfer Learning",
    author = "Papadopoulos, Dimitris and Technical University of Crete and Hellenic Army Academy",
    year = "2021",
    url = "https://huggingface.co/lighteternal/stsb-xlm-r-greek-transfer",
}

@InProceedings{Zaikis;Kokkas;Vlahavas:23,
author="Zaikis, Dimitrios
and Kokkas, Stylianos
and Vlahavas, Ioannis",
editor="Iliadis, Lazaros
and Maglogiannis, Ilias
and Alonso, Serafin
and Jayne, Chrisina
and Pimenidis, Elias",
title="DACL: A Domain-Adapted Contrastive Learning Approach to Low Resource Language Representations for Document Clustering Tasks",
booktitle="Engineering Applications of Neural Networks",
year="2023",
publisher="Springer Nature Switzerland",
address="Cham",
pages="585--598",
isbn="978-3-031-34204-2"
}



@inproceedings{Hoyle;Goel;Hian-Cheong;Peskov;Boyd-Graber;Resnik:21,
    title = "Is Automated Topic Evaluation Broken? The Incoherence of Coherence",
    author = "Hoyle, Alexander Miserlis  and
      Goel, Pranav  and
      Hian-Cheong, Andrew and
      Peskov, Denis and
      Boyd-Graber, Jordan and
      Resnik, Philip",
    booktitle = "Advances in Neural Information Processing Systems",
    year = "2021",
    url = "https://arxiv.org/abs/2107.02173",
}

@misc{mcinnes2020umap,
      title={UMAP: Uniform Manifold Approximation and Projection for Dimension Reduction}, 
      author={Leland McInnes and John Healy and James Melville},
      year={2020},
      eprint={1802.03426},
      archivePrefix={arXiv},
      primaryClass={stat.ML}
}

@article{McInnes2017, doi = {10.21105/joss.00205}, url = {https://doi.org/10.21105/joss.00205}, year = {2017}, publisher = {The Open Journal}, volume = {2}, number = {11}, pages = {205}, author = {Leland McInnes and John Healy and Steve Astels}, title = {hdbscan: Hierarchical density based clustering}, journal = {Journal of Open Source Software} }

@inproceedings{macqueen1967some,
  title={Some methods for classification and analysis of multivariate observations},
  author={MacQueen, James and others},
  booktitle={Proceedings of the fifth Berkeley symposium on mathematical statistics and probability},
  volume={1},
  number={14},
  pages={281--297},
  year={1967},
  organization={Oakland, CA, USA}
}



@article{SALTON1988513,
title = {Term-weighting approaches in automatic text retrieval},
journal = {Information Processing & Management},
volume = {24},
number = {5},
pages = {513-523},
year = {1988},
issn = {0306-4573},
doi = {https://doi.org/10.1016/0306-4573(88)90021-0},
url = {https://www.sciencedirect.com/science/article/pii/0306457388900210},
author = {Gerard Salton and Christopher Buckley}
}

@misc{vaswani2023attention,
      title={Attention Is All You Need}, 
      author={Ashish Vaswani and Noam Shazeer and Niki Parmar and Jakob Uszkoreit and Llion Jones and Aidan N. Gomez and Lukasz Kaiser and Illia Polosukhin},
      year={2023},
      eprint={1706.03762},
      archivePrefix={arXiv},
      primaryClass={cs.CL}
}

@misc{devlin2019bert,
      title={BERT: Pre-training of Deep Bidirectional Transformers for Language Understanding}, 
      author={Jacob Devlin and Ming-Wei Chang and Kenton Lee and Kristina Toutanova},
      year={2019},
      eprint={1810.04805},
      archivePrefix={arXiv},
      primaryClass={cs.CL}
}

@inproceedings{sia-etal-2020-tired,
    title = "Tired of Topic Models? Clusters of Pretrained Word Embeddings Make for Fast and Good Topics too!",
    author = "Sia, Suzanna  and
      Dalmia, Ayush  and
      Mielke, Sabrina J.",
    booktitle = "Proceedings of the 2020 Conference on Empirical Methods in Natural Language Processing (EMNLP)",
    month = nov,
    year = "2020",
    publisher = "Association for Computational Linguistics",
    doi = "10.18653/v1/2020.emnlp-main.135",
    pages = "1728--1736"
}

@unpublished{spacy:17,
    AUTHOR = {Honnibal, Matthew and Montani, Ines},
    TITLE  = {{spaCy 2}: Natural language understanding with {B}loom embeddings, convolutional neural networks and incremental parsing},
    YEAR   = {2017},
    Note   = {To appear}
}

@misc{bahdanau2016neural,
      title={Neural Machine Translation by Jointly Learning to Align and Translate}, 
      author={Dzmitry Bahdanau and Kyunghyun Cho and Yoshua Bengio},
      year={2016},
      eprint={1409.0473},
      archivePrefix={arXiv},
      primaryClass={cs.CL}
}

@misc{grootendorst2020keybert,
  author       = {Maarten Grootendorst},
  title        = {KeyBERT: Minimal keyword extraction with BERT.},
  year         = 2020,
  publisher    = {Zenodo},
  version      = {v0.3.0},
  doi          = {10.5281/zenodo.4461265},
  url          = {https://doi.org/10.5281/zenodo.4461265}
}

@inproceedings{10.1145/290941.291025,
author = {Carbonell, Jaime and Goldstein, Jade},
title = {The use of MMR, diversity-based reranking for reordering documents and producing summaries},
year = {1998},
isbn = {1581130155},
publisher = {Association for Computing Machinery},
address = {New York, NY, USA},
url = {https://doi.org/10.1145/290941.291025},
doi = {10.1145/290941.291025},
booktitle = {Proceedings of the 21st Annual International ACM SIGIR Conference on Research and Development in Information Retrieval},
pages = {335–336},
numpages = {2},
location = {Melbourne, Australia},
series = {SIGIR '98}
}

@InProceedings{hinton1999products,
  title		= {Products of experts},
  author	= {Hinton, Geoffrey E.},
  booktitle	= {Artificial Neural Networks, 1999. ICANN 99. Ninth
		  International Conference on (Conf. Publ. No. 470)},
  volume	= {1},
  pages		= {1--6},
  year		= {1999},
  organization	= {IET},
}